<?xml version="1.0" encoding="UTF-8"?><collection xmlns="http://www.loc.gov/MARC21/slim"><record><leader>00573nam--2200205-i-4500</leader><controlfield tag="001">000002209</controlfield><controlfield tag="002">20161230</controlfield><controlfield tag="005">20161230201024</controlfield><controlfield tag="008">060222s1000------------r-----000-0-rum-d</controlfield><datafield ind1=" " ind2=" " tag="040"><subfield code="a">IFIN-HH</subfield></datafield><datafield ind1=" " ind2=" " tag="041"><subfield code="a">rum</subfield></datafield><datafield ind1=" " ind2=" " tag="080"><subfield code="a">577.33:535.37</subfield></datafield><datafield ind1="1" ind2=" " tag="100"><subfield code="a">Olinescu, Radu</subfield></datafield><datafield ind1="1" ind2="0" tag="245"><subfield code="a">Chemiluminescenta si bioluminescenta</subfield><subfield code="c">Radu olinescu; maria greabu</subfield></datafield><datafield ind1=" " ind2=" " tag="260"><subfield code="a">Bucuresti</subfield><subfield code="b">Editura Tehnica</subfield><subfield code="c">1987</subfield></datafield><datafield ind1=" " ind2=" " tag="300"><subfield code="a">252 P</subfield></datafield><datafield ind1=" " ind2=" " tag="490"><subfield code="a">Stiinta Si Tehnica Pentru Toti; Seria Tehnica La Zi</subfield></datafield><datafield ind1="1" ind2=" " tag="700"><subfield code="a">Greabu, Maria</subfield></datafield><datafield ind1=" " ind2=" " tag="852"><subfield code="a">73959</subfield><subfield code="c">535.37</subfield></datafield><datafield ind1=" " ind2=" " tag="CAT"><subfield code="a">Sys</subfield><subfield code="c">20110429</subfield><subfield code="h">112611</subfield></datafield></record></collection>